<?xml version="1.0" encoding="UTF-8"?><collection xmlns="http://www.loc.gov/MARC21/slim"><record><leader>00400nam--2200133-i-4500</leader><controlfield tag="001">000003324</controlfield><controlfield tag="002">20161230</controlfield><controlfield tag="005">20161230201025</controlfield><controlfield tag="008">060222s1000------------r-----000-0-eng-d</controlfield><datafield ind1=" " ind2=" " tag="100"><subfield code="a">Courant, R</subfield></datafield><datafield ind1=" " ind2=" " tag="245"><subfield code="a">Dirichlet's principle, conformal mapping, and minimal surfaces. witih appendix by schiffer</subfield></datafield><datafield ind1=" " ind2=" " tag="260"><subfield code="a">London, Interscience Publishers, 1950</subfield></datafield><datafield ind1=" " ind2=" " tag="490"><subfield code="v">vol. III</subfield></datafield><datafield ind1=" " ind2=" " tag="CAT"><subfield code="a">Sys</subfield><subfield code="c">20080401</subfield><subfield code="h">113935</subfield></datafield></record></collection>